@misc{Macaulay,
    author = {Bayer, David and Stillman, Michael},
    title = {Macaulay: A computer algebra system for algebraic geometry},
    howpublished = {Software},
    note = {Available at {\tt http://www.math.columbia.edu/$\sim$bayer/Macaulay/}},
    year = 1994
}

@incollection{Bon95,
    author = {Bondy, J. A.},
    title = {Basic Graph Theory: Paths and Circuits},
    pages = {3--110},
    booktitle = {Handbook of Combinatorics},
    editor = {Graham, R. L. and Gr\"otschel, M. and Lov\'asz, L.},
    volume = 1,
    publisher = {Elsevier},
    year = 1995
}

@book{BH93,
    author = {Bruns, Winfried and Herzog, J\"urgen},
    title = {{C}ohen-{M}acaulay rings},
    publisher = {Cambridge Univ. Press},
    address = {Cambridge},
    edition = {revised},
    year = 1993
}

@article{DP95,
    author = {De Concini, Corrado and Procesi, Claudio},
    title = {Wonderful Models of Subspace Arrangements},
    journal = {Selecta Mathematica, New Series},
    year = 1995,
    volume = 1,
    pages = {459--494}
}

@misc{EIS,
    author = {Sloane, N. J. A.},
    title = {The {O}n-{L}ine {E}ncyclopedia of {I}nteger {S}equences},
    year = 2002,
    note = {Published elecronically at 
	http://www.research.att.com/$\sim$njas/sequences/}
}

@book{Eis95,
    author = {Eisenbud, David},
    title = {Commutative Algebra with a view to {A}lgebraic {G}eometry},
    publisher = {Springer-Verlag},
    address = {New York},
    year = 1995
}

@book{Ful97,
    author = {Fulton, William},
    title = {Young Tableaux},
    publisher = {Cambridge University Press},
    address = {New York},
    year = 1997
}

@article{FM94,
    author = {Fulton, William and MacPherson, R.},
    title = {A Compactification of Configuration Spaces},
    journal = {Ann. Math.},
    year = 1994,
    volume = 139,
    pages = {183--225}
}

@book{GSS93,
    author = {Graver, Jack and Servatius, Brigitte and Servatius, Herman},
    title = {Combinatorial Rigidity},
    publisher = {Amer. Math. Soc.},
    year = 1993
}

@article{Hu83,
    author = {Huneke, Craig},
    title = {Strongly {C}ohen-{M}acaulay Schemes and Residual Intersections},
    journal = {Trans. Amer. Math. Soc.},
    year = 1983,
    volume = 277,
    number = 2,
    pages = {739--763}
}

@article{KP74,
    author = {Kreweras, G. and Poupard, Y.},
    title = {Sur les Partitions en Paires d'un Ensemble Fini Totalement Ordonn\'e},
    journal = {Pub. Inst. Stat. Univ. Paris},
    year = 1978,
    volume = {XXIII, fasc. 1--2},
    pages = {57--74}
}

% get the right BibTeX citation for this thing from MathSciNet
@article{LM97,
    author = {Lakshmibai, Venkatramani and Magyar, Peter},
    title = {Standard Monomial Theory for {B}ott-{S}amelson Varieties},
    journal = {C. R. Acad. Sci. Paris, },
    year = 1997,
    volume = 324,
    pages = {1211--1215}
}

@article{Lam70,
    author = {Laman, G.},
    title = {On Graphs and Rigidity of Plane Skeletal Structures},
    journal = {J. Eng. Math},
    year = 1970,
    volume = 4,
    pages = {331--340}
}

@article{Mag97,
    author = {Magyar, Peter},
    title = {{B}orel-{W}eil Theorem for Configuration Varieties and {S}chur Modules},
    journal = {Adv. Math.},
    year = 1998,
    volume = 134,
    pages = {328--366}
}

@phdthesis{JLMPHD,
    author = {Martin, Jeremy L.},
    title = {Graph Varieties},
    school = {University of California, San Diego},
    year = 2002
}

@unpublished{JLM1,
    author = {Martin, Jeremy L.},
    title = {Geometry of Graph Varieties},
    note = {Submitted},
    year = 2002
}

@unpublished{JLM2,
    author = {Martin, Jeremy L.},
    title = {On The Slope Variety of the Complete Graph},
    note = {In preparation},
    year = 2002
}

@book{Mat86,
    author = {Matsumura, Hideyuki},
    title = {Commutative Ring Theory},
    publisher = {Cambridge Univ. Press},
    address = {Cambridge},
    year = 1986
}

@article{SV80,
    author = {Simis, A. and Vasconcelos, W. V.},
    title = {The Syzygies of the Conormal Module},
    journal = {Amer. J. Math.},
    volume = 103,
    year = 1980,
    pages = {203--224}
}

@book{Sta96,
    author = {Stanley, Richard P.},
    title = {Combinatorics and Commutative Algebra},
    publisher = {Birkhauser},
    year = 1996,
    edition = {second}
}

@book{Sta99a,
    author = {Stanley, Richard P.},
    title = {Enumerative Combinatorics},
    publisher = {Cambridge Univ. Press},
    year = 1999,
    volume = 1
}

@book{Sta99b,
    author = {Stanley, Richard P.},
    title = {Enumerative Combinatorics},
    publisher = {Cambridge Univ. Press},
    year = 1999,
    volume = 2
}

@book{Stu96,
    author = {Sturmfels, Bernd},
    title = {Gr\"obner Bases and Convex Polytopes},
    publisher = {American Math. Soc.},
    year = 1996
}

@book{Vas98,
    author = {Vasconcelos, Wolmer V.},
    title = {Computational Methods in Commutative Algebra and Algebraic Geometry},
    publisher = {Springer-Verlag},
    address = {Berlin},
    year = 1998
}

@article{Whi96,
    author = {Whiteley, Walter},
    title = {Some Matroids from Discrete Applied Geometry},
    journal = {Contemp. Math.},
    volume = 197,
    year = 1996,
    pages = {171--311}
}
